@booklet{nakamoto,
    author   		= "Satoshi Nakamoto",
    title    		= "{Bitcoin: A Peer-to-peer Electronic Cash System.}",
    year     		= "2008",
    month    		= "Oct",
    howpublished 	= "\url{https://bitcoin.org/bitcoin.pdf}",
}

@misc{wikicontracts,
    author	= "Bitcoin Wiki",
    title     	= "{Contracts: Example 7: Rapidly-adjusted (micro)payments to a pre-determined party}",
    howpublished = "\url{https://en.bitcoin.it/wiki/Contracts\#Example\_7:\_Rapidly-adjusted\_.28micro.29payments\_to\_a\_pre-determined\_party}",
}

@misc{bitcoinjmicropay,
    author	= "bitcoinj",
    title     	= "{Working with micropayment channels}",
    howpublished = "\url{https://bitcoinj.github.io/working-with-micropayments}",
}

@booklet{visa,
    author    = "Manny Trillo",
    title     = "{Stress Test Prepares VisaNet for the Most Wonderful Time of the Year}",
    journal   = "Visa Viewpoints",
    year      = "2013",
    month    = "Oct",
    howpublished = "\url{http://www.visa.com/blogarchives/us/2013/10/10/stress-test-prepares-visanet-for-the-most-wonderful-time-of-the-year/index.html}",
}

@article{lamportclocks,
    author    = "Leslie Lamport",
    title     = "{Time, Clocks, and the Ordering of Events in a Distributed System}",
    journal   = "Communications of the ACM",
    volume   = "21",
    number   = "7",
    pages    = "558-565",
    year      = "1978",
    month    = "Jul",
}

@article{lamportpaxos,
    author    = "Leslie Lamport",
    title     = "{The Part-Time Parliament}",
    journal   = "ACM Transactions on Computer Systems",
    volume   = "21",
    number = "2",
    pages    = "133-169",
    year      = "1998",
    month    = "May",
}

@booklet{akselrod,
    author   		= "Alex Akselrod",
    title    		= "Draft",
    year     		= "2013",
    month    		= "Mar",
    howpublished 	= "\url{https://en.bitcoin.it/wiki/User:Aakselrod/Draft}",
}

@booklet{akselrod2,
    author   		= "Alex Akselrod",
    title    		= "{ESCHATON}",
    year     		= "2014",
    month    		= "Apr",
    howpublished 	= "\url{https://gist.github.com/aakselrod/9964667}",
}

@booklet{todd,
    author   		= "Peter Todd",
    title    		= "{Near-zero fee transactions with hub-and-spoke micropayments}",
    year     		= "2014",
    month    		= "Dec",
    howpublished 	= "\url{http://sourceforge.net/p/bitcoin/mailman/message/33144746/}",
}

@booklet{impulse,
    author   		= "BitPay",
    title    		= "Impulse",
    year     		= "2015",
    month    		= "Jan",
    howpublished 	= "\url{http://impulse.is/impulse.pdf}",
}

@booklet{p2sh,
    author   		= "Gavin Andresen",
    title    		= "{BIP} 0016: {Pay to Script Hash}",
    year     		= "2012",
    month    		= "Jan",
    howpublished 	= "\url{https://github.com/bitcoin/bips/blob/master/bip-0016.mediawiki}",
}

@booklet{bip32,
    author   		= "Pieter Wuille",
    title    		= "{BIP} 0032: {Hierarchical Deterministic Wallets}",
    year     		= "2012",
    month    		= "Feb",
    howpublished 	= "\url{https://github.com/bitcoin/bips/blob/master/bip-0032.mediawiki}",
}

@booklet{paytocontract,
    author   		= "Ilja Gerhardt and Timo Hanke",
    title    		= "{Homomorphic Payment Addresses and the Pay-to-Contract Protocol}",
    year     		= "2012",
    month    		= "Dec",
    howpublished 	= "\url{http://arxiv.org/abs/1212.3257}",
}

@booklet{smartcontracts,
    author   		= "Nick Szabo",
    title    		= "{Formalizing and Securing Relationships on Public Networks}",
    year     		= "1997",
    month    		= "Sep",
    howpublished 	= "\url{http://szabo.best.vwh.net/formalize.html}",
}

@booklet{relCLTV,
    author   		= "Jonas Schnelli",
    title    		= "{What does OP\_CHECKSEQUENCEVERIFY do?}",
    year     		= "2015",
    month    		= "Jul",
    howpublished 	= "\url{http://bitcoin.stackexchange.com/a/38846}",
}

@booklet{seqnum,
    author   		= "Mark Friedenbach",
    title    		= "{BIP} 0068: {Consensus-enforced transaction
    replacement signaled via sequence numbers (relative lock-time)}",
    year     		= "2015",
    month    		= "May",
    howpublished 	= "\url{https://github.com/bitcoin/bips/blob/master/bip-0068.mediawiki}",
}

@booklet{csv,
    author   		= "BtcDrak, Mark Friedenbach and Eric Lombrozo",
    title    		= "{BIP} 0112: {CHECKSEQUENCEVERIFY}",
    year     		= "2015",
    month    		= "Aug",
    howpublished 	= "\url{https://github.com/bitcoin/bips/blob/master/bip-0112.mediawiki}",
}

@booklet{gregtimestop,
    author   		= "Greg Maxwell (nullc)",
    title    		= "reddit",
    year     		= "2015",
    month    		= "May",
    howpublished 	= "\url{https://www.reddit.com/r/Bitcoin/comments/37fxqd/it_looks_like_blockstream_is_working_on_the/crmr5p2}",
}

@booklet{amikopay,
    author   		= "C.J. Plooy",
    title    		= "{Combining Bitcoin and the Ripple to create a fast,
    scalable, decentralized, anonymous, low-trust payment network}",
    year     		= "2013",
    month    		= "Jan",
    howpublished 	= "\url{http://www.ultimatestunts.nl/bitcoin/ripple_bitcoin_draft_2.pdf}",
}
